@article{Pitt:2016cu,
author = {Pitt, Helene Z and Hill, Joel H},
title = {{Statistical Analysis of Numerical Preclinical Radiobiological Data}},
journal = {ScienceOpen Research},
year = {2016}
}